<?xml version="1.0" encoding="UTF-8"?><collection xmlns="http://www.loc.gov/MARC21/slim"><record><leader>00406nam--2200169-i-4500</leader><controlfield tag="001">000028761</controlfield><controlfield tag="002">20161230</controlfield><controlfield tag="005">20161230201037</controlfield><controlfield tag="008">060222s1000------------r-----000-0-eng-d</controlfield><datafield ind1=" " ind2=" " tag="040"><subfield code="a">IFIN-HH</subfield></datafield><datafield ind1=" " ind2=" " tag="080"><subfield code="a">539.184:535.33</subfield></datafield><datafield ind1="1" ind2=" " tag="100"><subfield code="a">Kuhn, H.G</subfield></datafield><datafield ind1="1" ind2="0" tag="245"><subfield code="a">Atomic spectra</subfield><subfield code="c">H.g. kuhn</subfield></datafield><datafield ind1=" " ind2=" " tag="260"><subfield code="a">London</subfield><subfield code="b">Longmans</subfield><subfield code="c">1962</subfield></datafield><datafield ind1=" " ind2=" " tag="300"><subfield code="a">XVI + 436P</subfield></datafield><datafield ind1=" " ind2=" " tag="852"><subfield code="a">17091</subfield><subfield code="c">535.33</subfield></datafield><datafield ind1=" " ind2=" " tag="CAT"><subfield code="a">Sys</subfield><subfield code="c">20101202</subfield><subfield code="h">103359</subfield></datafield></record></collection>